<?xml version="1.0" encoding="UTF-8"?>
<SOAP-ENV:Envelope xmlns:SOAP-ENV="http://schemas.xmlsoap.org/soap/envelope/" xmlns:mx="http://www.loc.gov/MARC21/slim" xmlns:of="http://oss.dbc.dk/ns/openformat"><SOAP-ENV:Body><of:formatResponse><marc21><mx:record format="MARC21" type="Bibliographic"><mx:leader>00000ngm a22000000c 4500</mx:leader><mx:controlfield tag="007">vd||s|iz|</mx:controlfield><mx:controlfield tag="008">110221r20122010sw |||| |||||  |||v|mul|d</mx:controlfield><mx:datafield ind1="3" ind2=" " tag="024"><mx:subfield code="a">5050582891867</mx:subfield></mx:datafield><mx:datafield ind1="8" ind2=" " tag="024"><mx:subfield code="a">5050582777390</mx:subfield></mx:datafield><mx:datafield ind1="1" ind2=" " tag="029"><mx:subfield code="a">DKDLA</mx:subfield><mx:subfield code="b">870970-basis:28663412</mx:subfield></mx:datafield><mx:datafield ind1=" " ind2=" " tag="040"><mx:subfield code="a">DKDLA</mx:subfield><mx:subfield code="b">dan</mx:subfield><mx:subfield code="c">DKDLA</mx:subfield></mx:datafield><mx:datafield ind1="1" ind2=" " tag="041"><mx:subfield code="a">eng</mx:subfield><mx:subfield code="a">jpn</mx:subfield><mx:subfield code="a">fre</mx:subfield><mx:subfield code="a">ita</mx:subfield><mx:subfield code="a">ger</mx:subfield><mx:subfield code="a">spa</mx:subfield><mx:subfield code="j">jpn</mx:subfield><mx:subfield code="j">eng</mx:subfield><mx:subfield code="j">fre</mx:subfield><mx:subfield code="j">ita</mx:subfield><mx:subfield code="j">ger</mx:subfield><mx:subfield code="j">spa</mx:subfield><mx:subfield code="j">dut</mx:subfield><mx:subfield code="j">chi</mx:subfield><mx:subfield code="j">dan</mx:subfield><mx:subfield code="j">fin</mx:subfield><mx:subfield code="j">gre</mx:subfield><mx:subfield code="j">kor</mx:subfield><mx:subfield code="j">nor</mx:subfield><mx:subfield code="j">por</mx:subfield><mx:subfield code="j">swe</mx:subfield></mx:datafield><mx:datafield ind1=" " ind2=" " tag="049"><mx:subfield code="a">DK-190101</mx:subfield></mx:datafield><mx:datafield ind1=" " ind2=" " tag="084"><mx:subfield code="a">77.7</mx:subfield><mx:subfield code="2">z</mx:subfield></mx:datafield><mx:datafield ind1="0" ind2="0" tag="245"><mx:subfield code="a">Out of Africa</mx:subfield><mx:subfield code="h">[videooptagelse] /</mx:subfield><mx:subfield code="c">director of photography David Watkin ; based upon the following "Out of Africa" and other writings by Isak Dinesen, Isak Dinesen the life of a storyteller by Judith Thurman, "Silence will speak" by Errol Trzebinski ; screenplay by Kurt Luedtke ; produced and directed by Sydney Pollack</mx:subfield></mx:datafield><mx:datafield ind1=" " ind2=" " tag="260"><mx:subfield code="a">[Solna] :</mx:subfield><mx:subfield code="b">Universal Pictures Nordic,</mx:subfield><mx:subfield code="c">2010</mx:subfield></mx:datafield><mx:datafield ind1=" " ind2=" " tag="300"><mx:subfield code="a">1 blu-ray disc (blu-ray) (ca. 2 t., 41 min.)</mx:subfield></mx:datafield><mx:datafield ind1=" " ind2=" " tag="500"><mx:subfield code="a">Medvirkende: Robert Redford, Meryl Streep, Klaus Maria Brandauer ... et al.</mx:subfield></mx:datafield><mx:datafield ind1=" " ind2=" " tag="500"><mx:subfield code="a">Originalfilmen: USA : Universal, 1985</mx:subfield></mx:datafield><mx:datafield ind1=" " ind2=" " tag="500"><mx:subfield code="a">Også med seriebetegnelse "Universal 100. anniversary collector's series"</mx:subfield></mx:datafield><mx:datafield ind1=" " ind2=" " tag="500"><mx:subfield code="a">[Genudsendt], 2012</mx:subfield></mx:datafield><mx:datafield ind1=" " ind2=" " tag="500"><mx:subfield code="a">NORDIC 8277739</mx:subfield></mx:datafield><mx:datafield ind1="2" ind2=" " tag="505"><mx:subfield code="a">Af indholdet: Extras</mx:subfield></mx:datafield><mx:datafield ind1="8" ind2=" " tag="520"><mx:subfield code="a">Om Karen Blixens liv på kaffefarmen i Kenya fra 1913-1931 med hovedvægten på hendes forhold til Dennis Finch Hatton</mx:subfield></mx:datafield><mx:datafield ind1="8" ind2=" " tag="521"><mx:subfield code="a">Mærkning: Tilladt for børn over 11 år</mx:subfield></mx:datafield><mx:datafield ind1="8" ind2=" " tag="521"><mx:subfield code="a">Fra 14 år</mx:subfield></mx:datafield><mx:datafield ind1=" " ind2=" " tag="546"><mx:subfield code="a">Engelsk tale, samt synkronisering på japansk, fransk, italiensk, tysk og spansk</mx:subfield></mx:datafield><mx:datafield ind1=" " ind2=" " tag="546"><mx:subfield code="a">Undertekster på japansk, fransk, italiensk, tysk, spansk, hollandsk, kinesisk, dansk, finsk, græsk, koreansk, norsk, portugisisk og svensk</mx:subfield></mx:datafield><mx:datafield ind1=" " ind2=" " tag="546"><mx:subfield code="a">Tekstet for hørehæmmede på engelsk</mx:subfield></mx:datafield><mx:datafield ind1="1" ind2="4" tag="600"><mx:subfield code="a">Blixen, Karen</mx:subfield></mx:datafield><mx:datafield ind1=" " ind2="4" tag="648"><mx:subfield code="a">1910-1919</mx:subfield></mx:datafield><mx:datafield ind1=" " ind2="4" tag="648"><mx:subfield code="a">1920-1929</mx:subfield></mx:datafield><mx:datafield ind1=" " ind2="4" tag="650"><mx:subfield code="a">biografiske film</mx:subfield></mx:datafield><mx:datafield ind1=" " ind2="4" tag="650"><mx:subfield code="a">kærlighed</mx:subfield></mx:datafield><mx:datafield ind1=" " ind2="4" tag="651"><mx:subfield code="a">Kenya</mx:subfield></mx:datafield><mx:datafield ind1=" " ind2="4" tag="651"><mx:subfield code="a">Afrika</mx:subfield></mx:datafield><mx:datafield ind1="1" ind2=" " tag="700"><mx:subfield code="a">Watkin, David,</mx:subfield><mx:subfield code="d">f. 1925</mx:subfield></mx:datafield><mx:datafield ind1="1" ind2=" " tag="700"><mx:subfield code="a">Blixen, Karen</mx:subfield></mx:datafield><mx:datafield ind1="1" ind2=" " tag="700"><mx:subfield code="a">Luedtke, Kurt</mx:subfield></mx:datafield><mx:datafield ind1="1" ind2=" " tag="700"><mx:subfield code="a">Pollack, Sydney</mx:subfield></mx:datafield><mx:datafield ind1="1" ind2=" " tag="700"><mx:subfield code="a">Thurman, Judith</mx:subfield></mx:datafield><mx:datafield ind1="1" ind2=" " tag="700"><mx:subfield code="a">Trzebinski, Errol</mx:subfield></mx:datafield><mx:datafield ind1="0" ind2=" " tag="740"><mx:subfield code="a">Isak Dinesen</mx:subfield></mx:datafield><mx:datafield ind1="0" ind2=" " tag="740"><mx:subfield code="a">Silence will speak</mx:subfield></mx:datafield><mx:datafield ind1=" " ind2="0" tag="830"><mx:subfield code="a">Universal 100. anniversary collector's series</mx:subfield></mx:datafield><mx:datafield ind1=" " ind2=" " tag="901"><mx:subfield code="a">791</mx:subfield></mx:datafield></mx:record><hs activity="insert">DKDLA</hs><hasLHR>false</hasLHR></marc21></of:formatResponse></SOAP-ENV:Body></SOAP-ENV:Envelope>
